<?xml version="1.0" encoding="UTF-8"?><collection xmlns="http://www.loc.gov/MARC21/slim"><record><leader>00440nam--2200121-i-4500</leader><controlfield tag="001">000047331</controlfield><controlfield tag="002">20161230</controlfield><controlfield tag="005">20161230201046</controlfield><controlfield tag="008">060222s1000------------r-----000-0-eng-d</controlfield><datafield ind1=" " ind2=" " tag="245"><subfield code="a">Who`s who in the ussr 1965-66. a biographical directory containing about 5,000 biographies of proeminent personalities in the soviet union ussr, munich, germany</subfield></datafield><datafield ind1=" " ind2=" " tag="260"><subfield code="a">New York, Scarecrow Press,Inc,1966. 1189 P</subfield></datafield><datafield ind1=" " ind2=" " tag="700"><subfield code="a">Andrewi.Lebe/S.A</subfield></datafield><datafield ind1=" " ind2=" " tag="852"><subfield code="a">27541</subfield></datafield></record></collection>